@comment{x-kbibtex-personnameformatting=<%l><, %f>}

@book{Kyznetcov04MMF,
	address = "Ярославль",
	author = "А.В., Кузнецов",
	pages = "200",
	publisher = "Яросл. гос. ун-т",
	title = "{Методы математической физики}",
	year = "2004"
}

@book{SpecFuncMF,
	address = "М.",
	author = "А.Ф., Никифоров and В.Б., Уваров",
	edition = "2",
	pages = "346",
	publisher = "Наука",
	title = "{Специальные функции математической физики}",
	year = "1984"
}

@book{TihonovAndSamarskiy99EMF,
	address = "М.",
	author = "А.Н., Тихонов and А.А., Самарский",
	edition = "6",
	pages = "799",
	publisher = "Изд-во МГУ",
	title = "{Уравнения математической физики: Учеб. пособие}",
	year = "1999"
}

@book{cimring88specFunc,
	address = "М.",
	author = "Ш.Е., Цимринг",
	pages = "272",
	publisher = "Радио и связь",
	title = "{Специальные функции и определенные интегралы. Алгоритмы. Программы для микрокалькуляторов: Справочник.}",
	year = "1988"
}

@book{matanMSU,
	address = "М.",
	author = "Г.И., Архипов and В.А., Садовничий and В.Н., Чубариков",
	booktitle = "{Учеб. для студентов вузов по направлениям и спец. физ.-мат. профиля}",
	edition = "5",
	institution = "МГУ им. М.В. Ломоносова",
	pages = "639",
	publisher = "Дрофа",
	series = "{Классический университетский учебник}",
	title = "{Лекции по математическому анализу}",
	year = "2004"
}

@article{Legendre08AMS,
	author = "Hesthaven, Jan S. and Kirby, Robert M.",
	howpublished = "electronically",
	journal = "Mathematics of computation",
	month = "July",
	number = "263",
	pages = "1425--1452",
	publisher = "American Mathematical Society",
	title = "{Filtering in Legendre spectral methods}",
	url = "http://www.ams.org/journals/mcom/2008-77-263/S0025-5718-08-02110-8/S0025-5718-08-02110-8.pdf",
	volume = "77",
	year = "2008"
}

@article{Legendre11SCIAM,
	author = "Нерсесян, А.Б. and Гаспарян, А.А.",
	journal = "Вычислительная математика",
	month = "Апрель",
	pages = "317--325",
	publisher = "Национальная академия наук Армении",
	title = "{Ускорение сходимости рядов по полиномам Лежандра}",
	url = "http://elib.sci.am/2011_4/01_4_2011.pdf",
	year = "2011"
}

@article{ApproxSob82AMS,
	author = "Canuto, C. and Quarteroni, A.",
	journal = "Mathematics of computation",
	month = "January",
	number = "157",
	pages = "67--86",
	publisher = "American Mathematical Society",
	title = "{Approximation Result for Orthogonal Polynomials in Sobolev Spaces}",
	url = "http://www.ams.org/journals/mcom/1982-38-157/S0025-5718-1982-0637287-3/S0025-5718-1982-0637287-3.pdf",
	volume = "38",
	year = "1982"
}

@inbook{LegendreRochester,
	author = "{A. Clark, Jr.}",
	booktitle = "{Applications and Examples}",
	institution = "University of Rochester",
	pages = "21",
	publisher = "University of Rochester",
	title = "{Legendre Polynomials}",
	url = "http://www.me.rochester.edu/courses/ME201/webexamp/legendre.pdf",
	year = "2010"
}

